[gd_scene load_steps=10 format=2]

[ext_resource path="res://Sprites/Food.png" type="Texture" id=1]
[ext_resource path="res://Sprites/Pill.png" type="Texture" id=2]
[ext_resource path="res://Sprites/Creature1.png" type="Texture" id=3]
[ext_resource path="res://Scripts/Creature.gd" type="Script" id=4]
[ext_resource path="res://Sprites/Zzz.png" type="Texture" id=5]

[sub_resource type="AtlasTexture" id=1]
atlas = ExtResource( 5 )
region = Rect2( 0, 0, 12, 12 )

[sub_resource type="AtlasTexture" id=2]
atlas = ExtResource( 5 )
region = Rect2( 12, 0, 12, 12 )

[sub_resource type="AtlasTexture" id=3]
atlas = ExtResource( 5 )
region = Rect2( 24, 0, 12, 12 )

[sub_resource type="SpriteFrames" id=4]
animations = [ {
"frames": [ SubResource( 1 ), SubResource( 2 ), SubResource( 3 ) ],
"loop": true,
"name": "default",
"speed": 0.75
} ]

[node name="Creature" type="Node2D"]
script = ExtResource( 4 )

[node name="Sprite" type="Sprite" parent="."]
texture = ExtResource( 3 )
hframes = 5

[node name="FoodSprite" type="Sprite" parent="."]
visible = false
position = Vector2( 9, 0 )
texture = ExtResource( 1 )
hframes = 3

[node name="PillSprite" type="Sprite" parent="."]
visible = false
position = Vector2( 9, 0 )
texture = ExtResource( 2 )
hframes = 3

[node name="ZSprite" type="AnimatedSprite" parent="."]
visible = false
position = Vector2( 9, 0 )
frames = SubResource( 4 )
frame = 2
playing = true

[node name="Timer" type="Timer" parent="."]
one_shot = true
