[gd_scene load_steps=21 format=2]

[ext_resource path="res://Scenes/Omiga.tscn" type="PackedScene" id=1]
[ext_resource path="res://Scenes/Button2D.tscn" type="PackedScene" id=2]
[ext_resource path="res://Sprites/HungerIcon.png" type="Texture" id=3]
[ext_resource path="res://Sprites/FeedIcon.png" type="Texture" id=4]
[ext_resource path="res://Sprites/ToiletIcon.png" type="Texture" id=5]
[ext_resource path="res://Sprites/PillIcon.png" type="Texture" id=6]
[ext_resource path="res://Sprites/IllnessIcon.png" type="Texture" id=7]
[ext_resource path="res://Scripts/OmigaDevice.gd" type="Script" id=8]
[ext_resource path="res://Sprites/DeadIcon.png" type="Texture" id=9]
[ext_resource path="res://Scenes/Keychain.tscn" type="PackedScene" id=10]
[ext_resource path="res://Sprites/Soundwave.png" type="Texture" id=11]
[ext_resource path="res://Sound/alarm1.wav" type="AudioStream" id=12]
[ext_resource path="res://Sound/click.wav" type="AudioStream" id=13]

[sub_resource type="AtlasTexture" id=1]
flags = 4
atlas = ExtResource( 11 )
region = Rect2( 0, 0, 64, 64 )

[sub_resource type="AtlasTexture" id=2]
flags = 4
atlas = ExtResource( 11 )
region = Rect2( 64, 0, 64, 64 )

[sub_resource type="AtlasTexture" id=3]
flags = 4
atlas = ExtResource( 11 )
region = Rect2( 128, 0, 64, 64 )

[sub_resource type="AtlasTexture" id=4]
flags = 4
atlas = ExtResource( 11 )
region = Rect2( 192, 0, 64, 64 )

[sub_resource type="AtlasTexture" id=5]
flags = 4
atlas = ExtResource( 11 )
region = Rect2( 256, 0, 64, 64 )

[sub_resource type="SpriteFrames" id=6]
animations = [ {
"frames": [ SubResource( 1 ), SubResource( 2 ), SubResource( 3 ), SubResource( 4 ), SubResource( 5 ) ],
"loop": true,
"name": "default",
"speed": 10.0
} ]

[sub_resource type="RectangleShape2D" id=7]
extents = Vector2( 102, 99 )

[node name="OmigaDevice" type="Area2D"]
script = ExtResource( 8 )

[node name="KeychainPoint" type="Position2D" parent="."]
position = Vector2( -96, -72 )

[node name="Keychain" parent="KeychainPoint" instance=ExtResource( 10 )]

[node name="Soundwave" type="AnimatedSprite" parent="."]
visible = false
self_modulate = Color( 1, 0.501961, 0, 0.745098 )
position = Vector2( 0, -80 )
frames = SubResource( 6 )
frame = 2
playing = true

[node name="ShellBack" type="Polygon2D" parent="."]
position = Vector2( 6, 4 )
color = Color( 0.14902, 0.14902, 0.14902, 1 )
polygon = PoolVector2Array( -104, -72, -102, -78, -96, -80, 96, -80, 102, -78, 104, -72, 104, 114, 102, 120, 96, 122, -96, 122, -102, 120, -104, 114 )

[node name="Shell" type="Polygon2D" parent="."]
color = Color( 0.0588235, 0, 0.466667, 1 )
polygon = PoolVector2Array( -104, -72, -102, -78, -96, -80, 96, -80, 102, -78, 104, -72, 104, 114, 102, 120, 96, 122, -96, 122, -102, 120, -104, 114 )

[node name="Omiga" parent="." instance=ExtResource( 1 )]
position = Vector2( 0, 24 )
scale = Vector2( 6, 6 )

[node name="FeedButton" parent="." instance=ExtResource( 2 )]
position = Vector2( -66, 93 )
audio_player_path = NodePath("../AudioButtonPlayer")

[node name="Icon" type="Sprite" parent="FeedButton"]
self_modulate = Color( 0, 1, 0, 1 )
texture = ExtResource( 4 )

[node name="FlushButton" parent="." instance=ExtResource( 2 )]
position = Vector2( 0, 93 )
audio_player_path = NodePath("../AudioButtonPlayer")

[node name="Icon" type="Sprite" parent="FlushButton"]
self_modulate = Color( 0.25098, 0.501961, 1, 1 )
texture = ExtResource( 5 )

[node name="PillButton" parent="." instance=ExtResource( 2 )]
position = Vector2( 66, 93 )
audio_player_path = NodePath("../AudioButtonPlayer")

[node name="Icon" type="Sprite" parent="PillButton"]
self_modulate = Color( 1, 0, 0, 1 )
texture = ExtResource( 6 )

[node name="HungerIcon" type="Sprite" parent="."]
visible = false
self_modulate = Color( 1, 0.501961, 0, 1 )
position = Vector2( -80, -42 )
texture = ExtResource( 3 )

[node name="DeadIcon" type="Sprite" parent="."]
visible = false
self_modulate = Color( 1, 0, 0, 1 )
position = Vector2( 0, -42 )
texture = ExtResource( 9 )

[node name="IllnessIcon" type="Sprite" parent="."]
visible = false
self_modulate = Color( 1, 0.501961, 0, 1 )
position = Vector2( 80, -42 )
texture = ExtResource( 7 )

[node name="HungerTest" type="RichTextLabel" parent="."]
visible = false
margin_left = 191.859
margin_top = -72.7741
margin_right = 231.859
margin_bottom = -32.7741
text = "1"
__meta__ = {
"_edit_use_anchors_": false
}

[node name="BowelTest" type="RichTextLabel" parent="."]
visible = false
margin_left = 194.799
margin_top = -14.7018
margin_right = 234.799
margin_bottom = 25.2982
text = "1"
__meta__ = {
"_edit_use_anchors_": false
}

[node name="IllnessTest" type="RichTextLabel" parent="."]
visible = false
margin_left = 183.773
margin_top = 31.609
margin_right = 223.773
margin_bottom = 71.609
text = "1"
__meta__ = {
"_edit_use_anchors_": false
}

[node name="CollisionShape2D" type="CollisionShape2D" parent="."]
position = Vector2( 0, 21 )
shape = SubResource( 7 )

[node name="UpdateTimer" type="Timer" parent="."]
wait_time = 0.5
autostart = true

[node name="AlertTimer" type="Timer" parent="."]
one_shot = true

[node name="AudioAlarmPlayer" type="AudioStreamPlayer2D" parent="."]
stream = ExtResource( 12 )

[node name="AudioButtonPlayer" type="AudioStreamPlayer2D" parent="."]
stream = ExtResource( 13 )
[connection signal="death" from="Omiga" to="." method="_on_Omiga_death"]
[connection signal="pressed" from="FeedButton" to="." method="_on_FeedButton_pressed"]
[connection signal="pressed" from="FlushButton" to="." method="_on_FlushButton_pressed"]
[connection signal="pressed" from="PillButton" to="." method="_on_PillButton_pressed"]
[connection signal="timeout" from="UpdateTimer" to="." method="_on_UpdateTimer_timeout"]
[connection signal="timeout" from="AlertTimer" to="." method="_on_AlertTimer_timeout"]
