[gd_scene load_steps=7 format=2]

[ext_resource path="res://Sprites/roundrect.png" type="Texture" id=1]
[ext_resource path="res://Sprites/UI/TextureButton_frames_1.png" type="Texture" id=2]
[ext_resource path="res://Sprites/UI/TextureButton_frames_0.png" type="Texture" id=3]
[ext_resource path="res://Sprites/UI/TextureButton_frames_2.png" type="Texture" id=4]
[ext_resource path="res://Sprites/UI/TextureButton_frames_3.png" type="Texture" id=5]
[ext_resource path="res://Scripts/UI/TableLossPopup.gd" type="Script" id=6]

[node name="TableLossPopup" type="Control"]
anchor_right = 1.0
anchor_bottom = 1.0
script = ExtResource( 6 )
__meta__ = {
"_edit_use_anchors_": false
}

[node name="CenterContainer" type="CenterContainer" parent="."]
margin_top = 0.735046
margin_right = 640.0
margin_bottom = 360.735
rect_scale = Vector2( 2, 2 )
__meta__ = {
"_edit_use_anchors_": false
}

[node name="NinePatchRect" type="NinePatchRect" parent="CenterContainer"]
self_modulate = Color( 0.0235294, 0, 0.301961, 1 )
margin_left = 170.0
margin_top = 104.0
margin_right = 470.0
margin_bottom = 254.0
rect_min_size = Vector2( 300, 150 )
texture = ExtResource( 1 )
region_rect = Rect2( 0, 0, 96, 96 )
patch_margin_left = 8
patch_margin_top = 8
patch_margin_right = 8
patch_margin_bottom = 8

[node name="MarginContainer" type="MarginContainer" parent="CenterContainer/NinePatchRect"]
margin_right = 40.0
margin_bottom = 40.0
rect_min_size = Vector2( 300, 150 )
custom_constants/margin_right = 8
custom_constants/margin_top = 8
custom_constants/margin_left = 8
custom_constants/margin_bottom = 8
__meta__ = {
"_edit_use_anchors_": false
}

[node name="NinePatchRect" type="NinePatchRect" parent="CenterContainer/NinePatchRect/MarginContainer"]
self_modulate = Color( 0, 0, 0, 1 )
margin_left = 8.0
margin_top = 8.0
margin_right = 292.0
margin_bottom = 143.0
size_flags_horizontal = 3
size_flags_vertical = 3
texture = ExtResource( 1 )
region_rect = Rect2( 0, 0, 96, 96 )
patch_margin_left = 8
patch_margin_top = 8
patch_margin_right = 8
patch_margin_bottom = 8

[node name="MarginContainer" type="MarginContainer" parent="CenterContainer/NinePatchRect/MarginContainer"]
margin_left = 8.0
margin_top = 8.0
margin_right = 292.0
margin_bottom = 143.0
size_flags_horizontal = 3
size_flags_vertical = 3
custom_constants/margin_right = 8
custom_constants/margin_top = 8
custom_constants/margin_left = 8
custom_constants/margin_bottom = 8

[node name="CenterContainer" type="CenterContainer" parent="CenterContainer/NinePatchRect/MarginContainer/MarginContainer"]
margin_left = 8.0
margin_top = 8.0
margin_right = 276.0
margin_bottom = 127.0

[node name="VBoxContainer" type="VBoxContainer" parent="CenterContainer/NinePatchRect/MarginContainer/MarginContainer/CenterContainer"]
margin_left = 9.0
margin_right = 259.0
margin_bottom = 119.0
rect_min_size = Vector2( 250, 100 )
size_flags_horizontal = 3
size_flags_vertical = 3

[node name="Label" type="Label" parent="CenterContainer/NinePatchRect/MarginContainer/MarginContainer/CenterContainer/VBoxContainer"]
margin_right = 250.0
margin_bottom = 65.0
text = "Due to your incompetence, too many Omigas have died and your daycare has been closed. Hopefully you made enough cash to retire."
autowrap = true

[node name="Label2" type="Label" parent="CenterContainer/NinePatchRect/MarginContainer/MarginContainer/CenterContainer/VBoxContainer"]
self_modulate = Color( 1, 1, 0, 1 )
margin_top = 69.0
margin_right = 250.0
margin_bottom = 83.0
text = "Your small business made $100"
align = 1

[node name="HSeparator" type="HSeparator" parent="CenterContainer/NinePatchRect/MarginContainer/MarginContainer/CenterContainer/VBoxContainer"]
margin_top = 87.0
margin_right = 250.0
margin_bottom = 91.0

[node name="CenterContainer" type="CenterContainer" parent="CenterContainer/NinePatchRect/MarginContainer/MarginContainer/CenterContainer/VBoxContainer"]
margin_top = 95.0
margin_right = 250.0
margin_bottom = 119.0

[node name="TextureButton" type="TextureButton" parent="CenterContainer/NinePatchRect/MarginContainer/MarginContainer/CenterContainer/VBoxContainer/CenterContainer"]
margin_left = 93.0
margin_right = 157.0
margin_bottom = 24.0
texture_normal = ExtResource( 3 )
texture_pressed = ExtResource( 2 )
texture_hover = ExtResource( 4 )
texture_disabled = ExtResource( 5 )

[node name="Label" type="Label" parent="CenterContainer/NinePatchRect/MarginContainer/MarginContainer/CenterContainer/VBoxContainer/CenterContainer/TextureButton"]
anchor_left = 0.5
anchor_top = 0.5
anchor_right = 0.5
anchor_bottom = 0.5
margin_left = -20.0
margin_top = -7.0
margin_right = 20.0
margin_bottom = 7.0
text = "OK"
align = 1
valign = 1
__meta__ = {
"_edit_use_anchors_": false
}
[connection signal="pressed" from="CenterContainer/NinePatchRect/MarginContainer/MarginContainer/CenterContainer/VBoxContainer/CenterContainer/TextureButton" to="." method="_on_TextureButton_pressed"]
